
@article{behl2012,
	title = {Cost-Effectiveness Analysis of Screening for KRAS and BRAF Mutations in Metastatic Colorectal Cancer},
	author = {{Behl}, {Ajay S.} and {Goddard}, {Katrina A. B.} and {Flottemesch}, {Thomas J.} and {Veenstra}, {David} and {Meenan}, {Richard T.} and {Lin}, {Jennifer S.} and {Maciosek}, {Michael V.}},
	year = {2012},
	month = {12},
	date = {2012-12},
	journal = {JNCI: Journal of the National Cancer Institute},
	pages = {1785--1795},
	volume = {104},
	number = {23},
	doi = {10.1093/jnci/djs433},
	url = {https://academic.oup.com/jnci/article-lookup/doi/10.1093/jnci/djs433},
	langid = {en}
}
